@article{deligne1970equations,
  title="{{\'E}quations diff{\'e}rentielles {\`a} points singuliers r{\'e}guliers}",
  author={Deligne, Pierre},
  journal={Lecture Notes in Math.},
  volume={163},
  year={1970},
  publisher={Springer}
}

@article{deligne1987relevements,
  title="{Rel{\`e}vements modulo $p^2$ et d{\'e}composition du complexe de de Rham}",
  author={Deligne, Pierre and Illusie, Luc},
  journal={Inventiones Mathematicae},
  volume={89},
  number={2},
  pages={247--270},
  year={1987},
  publisher={Springer}
}

@article{illusie2002frobenius,
  title="{Frobenius and Hodge degeneration}",
  author={Illusie, Luc},
  journal={Introduction to Hodge theory},
  volume={8},
  pages={99--149},
  year={2002}
}

@article{katz1968differentiation,
  title="{On the differentiation of De Rham cohomology classes with respect to parameters}",
  author={Katz, Nicholas M and Oda, Tadao},
  journal={Journal of Mathematics of Kyoto University},
  volume={8},
  number={2},
  pages={199--213},
  year={1968},
  publisher={Kyoto University}
}


